@article{DBLP:journals/corr/abs-1802-01561,
	author    = {Lasse Espeholt and
	Hubert Soyer and
	R{\'{e}}mi Munos and
	Karen Simonyan and
	Volodymyr Mnih and
	Tom Ward and
	Yotam Doron and
	Vlad Firoiu and
	Tim Harley and
	Iain Dunning and
	Shane Legg and
	Koray Kavukcuoglu},
	title     = {{IMPALA:} Scalable Distributed Deep-RL with Importance Weighted Actor-Learner
	Architectures},
	journal   = {CoRR},
	volume    = {abs/1802.01561},
	year      = {2018},
	url       = {http://arxiv.org/abs/1802.01561},
	archivePrefix = {arXiv},
	eprint    = {1802.01561},
	timestamp = {Mon, 13 Aug 2018 01:00:00 +0200},
	biburl    = {https://dblp.org/rec/bib/journals/corr/abs-1802-01561},
	bibsource = {dblp computer science bibliography, https://dblp.org}
}
@article{DBLP:journals/nature/MnihKSRVBGRFOPB15,
	author    = {Volodymyr Mnih and
	Koray Kavukcuoglu and
	David Silver and
	Andrei A. Rusu and
	Joel Veness and
	Marc G. Bellemare and
	Alex Graves and
	Martin A. Riedmiller and
	Andreas Fidjeland and
	Georg Ostrovski and
	Stig Petersen and
	Charles Beattie and
	Amir Sadik and
	Ioannis Antonoglou and
	Helen King and
	Dharshan Kumaran and
	Daan Wierstra and
	Shane Legg and
	Demis Hassabis},
	title     = {Human-level control through deep reinforcement learning},
	journal   = {Nature},
	volume    = {518},
	number    = {7540},
	pages     = {529--533},
	year      = {2015},
	url       = {https://doi.org/10.1038/nature14236},
	doi       = {10.1038/nature14236},
	timestamp = {Wed, 14 Nov 2018 00:00:00 +0100},
	biburl    = {https://dblp.org/rec/bib/journals/nature/MnihKSRVBGRFOPB15},
	bibsource = {dblp computer science bibliography, https://dblp.org}
}
@article{DBLP:journals/corr/WangFL15,
	author    = {Ziyu Wang and
	Nando de Freitas and
	Marc Lanctot},
	title     = {Dueling Network Architectures for Deep Reinforcement Learning},
	journal   = {CoRR},
	volume    = {abs/1511.06581},
	year      = {2015},
	url       = {http://arxiv.org/abs/1511.06581},
	archivePrefix = {arXiv},
	eprint    = {1511.06581},
	timestamp = {Mon, 13 Aug 2018 16:48:17 +0200},
	biburl    = {https://dblp.org/rec/bib/journals/corr/WangFL15},
	bibsource = {dblp computer science bibliography, https://dblp.org}
}